% -------------------------------------------------
% Documentos a Serem Excluídos
% -------------------------------------------------
@article{teste1,
author 		= {Nina Amenta and Sunghee Choi and Tamal K. Dey and N. Leekha},
title 		= {A Simple Algorithm for Homeomorphic Surface Reconstruction},
journal 	= {International Journal of Computational Geometry and Applications},
publisher = {World Scientific Publishing Co.},
volume 		= {12},
number 		= {1-2},
pages 		= {125-141},
year 			= {2002},
}

@article{teste2,
author 		= {Nina Amenta and Sunghee Choi and Tamal K. Dey and N. Leekha},
title 		= {A Simple Algorithm for Homeomorphic Surface Reconstruction},
journal 	= {International Journal of Computational Geometry and Applications},
publisher = {World Scientific Publishing Co.},
volume 		= {12},
number 		= {1-2},
pages 		= {125-141},
year 			= {2002},
}

@article{teste3,
author 		= {Nina Amenta and Sunghee Choi and Tamal K. Dey and N. Leekha},
title 		= {A Simple Algorithm for Homeomorphic Surface Reconstruction},
journal 	= {International Journal of Computational Geometry and Applications},
publisher = {World Scientific Publishing Co.},
volume 		= {12},
number 		= {1-2},
pages 		= {125-141},
year 			= {2002},
}

@article{temp1,
author 		= {},
title 		= {},
journal 	= {},
publisher = {},
volume 		= {},
number 		= {},
pages 		= {},
year 			= {},
}

@book{temp2,
author    = {},
title     = {},
edition   = {},
publisher = {},
year      = {}
}

@InBook{temp3,
author 		= {},
title 		= {},
booktitle	= {},
publisher	= {},
year 			= {},
chapter 	= {},
pages 		= {}
}

@inproceedings{temp4,
author    = {},
title     = {},
editor    = {},
booktitle = {},
publisher = {},
year      = {},
pages     = {}
}

@phdthesis{temp6,
author 		= {f},
title  		= {},
school 		= {},
year   		= {}
}

@mastersthesis{temp7,
author 		= {},
title  		= {},
school 		= {},
year   		= {}
}

@TechReport{temp8,
author 		= {},
title 		= {},
year 			= {}
}

@misc{temp9,
author 		= {},
title 		= {},
year 			= {},
url 			= {} 
}

% -------------------------------------------------
% Documentos Revisão Sistemática
% -------------------------------------------------

% -------------------------------------------------
% Documentos Fora da Revisão Sistemática
%
% Explicação da Revisão Sistemática
% -------------------------------------------------
@article{garcia2020guidelines,
  title={Guidelines for performing Systematic Research Projects Reviews},
  author={Garc{\'\i}a Holgado, Alicia and Marcos Pablos, Samuel and Garc{\'\i}a Pe{\~n}alvo, Francisco Jos{\'e} and others},
  journal={International Journal of Interactive Multimedia and Artificial Intelligence},
  volume={6},
  number={2},
  pages={9},
  year={2020}
}

@article{liu2020classification,
  title={Classification of Ecological Data by Deep Learning},
  author={Liu, Shaobo and Shih, Frank Y and Russell, Gareth and Russell, Kimberly and Phan, Hai},
  journal={International Journal of Pattern Recognition and Artificial Intelligence},
  volume={34},
  number={13},
  pages={2052010},
  year={2020},
  publisher={World Scientific}
}

@article{le2020automated,
  title={Automated landmarking for insects morphometric analysis using deep neural networks},
  author={Le, Van-Linh and Beurton-Aimar, Marie and Zemmari, Akka and Marie, Alexia and Parisey, Nicolas},
  journal={Ecological Informatics},
  volume={60},
  pages={101175},
  year={2020},
  publisher={Elsevier}
}

@article{zhangautomatic,
  title={An Automatic Insect Recognition Algorithm in Complex Background Based on Convolution Neural Network An Automatic Insect Recognition Algorithm in Complex Background Based on Convolution Neural Network},
  author={Zhang, Xianrong and Chen, Gang}
}

@article{liu2020grape,
  title={Grape leaf disease identification using improved deep convolutional neural networks},
  author={Liu, Bin and Ding, Zefeng and Tian, Liangliang and He, Dongjian and Li, Shuqin and Wang, Hongyan},
  journal={Frontiers in Plant Science},
  volume={11},
  pages={1082},
  year={2020},
  publisher={Frontiers}
}

@article{lu2020identifying,
  title={Identifying the species of harvested tuna and billfish using deep convolutional neural networks},
  author={Lu, Yi-Chin and Tung, Chen and Kuo, Yan-Fu},
  journal={ICES Journal of Marine Science},
  volume={77},
  number={4},
  pages={1318--1329},
  year={2020},
  publisher={Oxford University Press}
}

@article{banan2020deep,
  title={Deep learning-based appearance features extraction for automated carp species identification},
  author={Banan, Ashkan and Nasiri, Amin and Taheri-Garavand, Amin},
  journal={Aquacultural Engineering},
  volume={89},
  pages={102053},
  year={2020},
  publisher={Elsevier}
}

@article{tiwari2020comparative,
  title={A Comparative Study of Deep Learning Models With Handcraft Features and Non-Handcraft Features for Automatic Plant Species Identification},
  author={Tiwari, Shamik},
  journal={International Journal of Agricultural and Environmental Information Systems (IJAEIS)},
  volume={11},
  number={2},
  pages={44--57},
  year={2020},
  publisher={IGI Global}
}

@article{li2020using,
  title={Using deep learning for Image-Based different degrees of ginkgo leaf disease classification},
  author={Li, Kaizhou and Lin, Jianhui and Liu, Jinrong and Zhao, Yandong},
  journal={Information},
  volume={11},
  number={2},
  pages={95},
  year={2020},
  publisher={Multidisciplinary Digital Publishing Institute}
}

@article{chen2020research,
  title={Research on Recognition of Fly Species Based on Improved RetinaNet and CBAM},
  author={Chen, Yantong and Zhang, Xianzhong and Chen, Weinan and Li, Yuyang and Wang, Junsheng},
  journal={IEEE Access},
  volume={8},
  pages={102907--102919},
  year={2020},
  publisher={IEEE}
}

@article{hongclassification,
  title={Classification of Freshwater Zooplankton by Pre-trained Convolutional Neural Network in Underwater Microscopy},
  author={Hong, Song and Mehdi, Syed Raza and Huang, Hui and Shahani, Kamran and Zhang, Yangfang and Junaidullah, Kazim Raza and Khan, Mushtaq Ali},
  year={2020}
}

@article{rauf2019visual,
  title={Visual features based automated identification of fish species using deep convolutional neural networks},
  author={Rauf, Hafiz Tayyab and Lali, M Ikram Ullah and Zahoor, Saliha and Shah, Syed Zakir Hussain and Rehman, Abd Ur and Bukhari, Syed Ahmad Chan},
  journal={Computers and Electronics in Agriculture},
  volume={167},
  pages={105075},
  year={2019},
  publisher={Elsevier}
}

@article{gomez2019coral,
  title={Coral species identification with texture or structure images using a two-level classifier based on Convolutional Neural Networks},
  author={G{\'o}mez-R{\'\i}os, Anabel and Tabik, Siham and Luengo, Juli{\'a}n and Shihavuddin, ASM and Herrera, Francisco},
  journal={Knowledge-Based Systems},
  volume={184},
  pages={104891},
  year={2019},
  publisher={Elsevier}
}

@article{cibuk2019efficient,
  title={Efficient deep features selections and classification for flower species recognition},
  author={C{\i}buk, Musa and Budak, Umit and Guo, Yanhui and Ince, M Cevdet and Sengur, Abdulkadir},
  journal={Measurement},
  volume={137},
  pages={7--13},
  year={2019},
  publisher={Elsevier}
}

@article{li2019effective,
  title={An effective data augmentation strategy for CNN-based pest localization and recognition in the field},
  author={Li, Rui and Wang, Rujing and Zhang, Jie and Xie, Chengjun and Liu, Liu and Wang, Fangyuan and Chen, Hongbo and Chen, Tianjiao and Hu, Haiying and Jia, Xiufang and others},
  journal={IEEE Access},
  volume={7},
  pages={160274--160283},
  year={2019},
  publisher={IEEE}
}

@article{khalifa2019deep,
  title={Deep bacteria: robust deep learning data augmentation design for limited bacterial colony dataset},
  author={Khalifa, Nour Eldeen Mahmoud and Taha, Mohamed Hamed N and Hassanien, Aboul Ella and Hemedan, Ahmed Abdelmonem},
  journal={International Journal of Reasoning-based Intelligent Systems},
  volume={11},
  number={3},
  pages={256--264},
  year={2019},
  publisher={Inderscience Publishers (IEL)}
}

@article{hsiang2019endless,
  title={Endless Forams:> 34,000 modern planktonic foraminiferal images for taxonomic training and automated species recognition using convolutional neural networks},
  author={Hsiang, Allison Y and Brombacher, Anieke and Rillo, Marina C and Mleneck-Vautravers, Maryline J and Conn, Stephen and Lordsmith, Sian and Jentzen, Anna and Henehan, Michael J and Metcalfe, Brett and Fenton, Isabel S and others},
  journal={Paleoceanography and Paleoclimatology},
  volume={34},
  number={7},
  pages={1157--1177},
  year={2019},
  publisher={Wiley Online Library}
}

@article{ren2019feature,
  title={Feature reuse residual networks for insect pest recognition},
  author={Ren, Fuji and Liu, Wenjie and Wu, Guoqing},
  journal={IEEE Access},
  volume={7},
  pages={122758--122768},
  year={2019},
  publisher={IEEE}
}

@article{valan2019automated,
  title={Automated taxonomic identification of insects with expert-level accuracy using effective feature transfer from convolutional networks},
  author={Valan, Miroslav and Makonyi, Karoly and Maki, Atsuto and Vondr{\'a}{\v{c}}ek, Dominik and Ronquist, Fredrik},
  journal={Systematic Biology},
  volume={68},
  number={6},
  pages={876--895},
  year={2019},
  publisher={Oxford University Press}
}

@article{gyires2019deep,
  title={Deep learning for plant classification and content-based image retrieval},
  author={Gyires-T{\'o}th, B{\'a}lint P{\'a}l and Osv{\'a}th, M{\'a}rton and Papp, D{\'a}vid and Sz{\H{u}}cs, G{\'a}bor},
  journal={Cybernetics and Information Technologies},
  volume={19},
  number={1},
  pages={88--100},
  year={2019},
  publisher={Sciendo}
}

@article{thenmozhi2019crop,
  title={Crop pest classification based on deep convolutional neural network and transfer learning},
  author={Thenmozhi, K and Reddy, U Srinivasulu},
  journal={Computers and Electronics in Agriculture},
  volume={164},
  pages={104906},
  year={2019},
  publisher={Elsevier}
}

@article{tetila2019deep,
  title={A Deep-Learning Approach for Automatic Counting of Soybean Insect Pests},
  author={Tetila, Everton Castel{\~a}o and Machado, Bruno Brandoli and Menezes, Geazy Vilharva and de Souza Belete, N{\'\i}colas Alessandro and Astolfi, Gilberto and Pistori, Hemerson},
  journal={IEEE Geoscience and Remote Sensing Letters},
  volume={17},
  number={10},
  pages={1837--1841},
  year={2019},
  publisher={IEEE}
}

@article{wei2018deep,
  title={Deep learning for plant species classification using leaf vein morphometric},
  author={wei Tan, Jing and Chang, Siow-Wee and Abdul-Kareem, Sameem and Yap, Hwa Jen and Yong, Kien-Thai},
  journal={IEEE/ACM Transactions on Computational Biology and Bioinformatics},
  volume={17},
  number={1},
  pages={82--90},
  year={2018},
  publisher={IEEE}
}

@article{zhu2018method,
  title={Method of plant leaf recognition based on improved deep convolutional neural network},
  author={Zhu, Xiaolong and Zhu, Meng and Ren, Honge},
  journal={Cognitive Systems Research},
  volume={52},
  pages={223--233},
  year={2018},
  publisher={Elsevier}
}

@article{zhu2018plant,
  title={Plant identification based on very deep convolutional neural networks},
  author={Zhu, Heyan and Liu, Qinglin and Qi, Yuankai and Huang, Xinyuan and Jiang, Feng and Zhang, Shengping},
  journal={Multimedia Tools and Applications},
  volume={77},
  number={22},
  pages={29779--29797},
  year={2018},
  publisher={Springer}
}

@article{villon2018deep,
  title={A deep learning method for accurate and fast identification of coral reef fishes in underwater images},
  author={Villon, S{\'e}bastien and Mouillot, David and Chaumont, Marc and Darling, Emily S and Subsol, G{\'e}rard and Claverie, Thomas and Vill{\'e}ger, S{\'e}bastien},
  journal={Ecological informatics},
  volume={48},
  pages={238--244},
  year={2018},
  publisher={Elsevier}
}

@article{lee2017deep,
  title={How deep learning extracts and learns leaf features for plant classification},
  author={Lee, Sue Han and Chan, Chee Seng and Mayo, Simon Joseph and Remagnino, Paolo},
  journal={Pattern Recognition},
  volume={71},
  pages={1--13},
  year={2017},
  publisher={Elsevier}
}

@article{zielinski2017deep,
  title={Deep learning approach to bacterial colony classification},
  author={Zieli{\'n}ski, Bartosz and Plichta, Anna and Misztal, Krzysztof and Spurek, Przemys{\l}aw and Brzychczy-W{\l}och, Monika and Ocho{\'n}ska, Dorota},
  journal={PloS one},
  volume={12},
  number={9},
  pages={e0184554},
  year={2017},
  publisher={Public Library of Science San Francisco, CA USA}
}

@article{wang2017crop,
  title={A crop pests image classification algorithm based on deep convolutional neural network},
  author={Wang, R and Zhang, Jie and Dong, Wei and Yu, Jian and Xie, Cheng Jun and Li, Rui and Chen, T and Chen, H},
  journal={Telkomnika},
  volume={15},
  number={3},
  pages={1239--1246},
  year={2017}
}

@inproceedings{lim2017performance,
  title={Performance effect analysis for insect classification using convolutional neural network},
  author={Lim, Suchang and Kim, Seunghyun and Kim, Doyeon},
  booktitle={2017 7th IEEE International Conference on Control System, Computing and Engineering (ICCSCE)},
  pages={210--215},
  year={2017},
  organization={IEEE}
}

@article{sun2017deep,
  title={Deep learning for plant identification in natural environment},
  author={Sun, Yu and Liu, Yuan and Wang, Guan and Zhang, Haiyan},
  journal={Computational intelligence and neuroscience},
  volume={2017},
  year={2017},
  publisher={Hindawi}
}

% -------------------------------------------------
% Documentos Fora da Revisão Sistemática
%
% Conteúdo adicional para a explicação da proposta
% -------------------------------------------------
@article{kitchenham2004procedures,
	title={Procedures for performing systematic reviews},
	author={Kitchenham, Barbara},
	journal={Keele, UK, Keele University},
	volume={33},
	number={2004},
	pages={1--26},
	year={2004}
}

@article{martineau2017survey,
	title={A survey on image-based insect classification},
	author={Martineau, Maxime and Conte, Donatello and Raveaux, Romain and Arnault, Ingrid and Munier, Damien and Venturini, Gilles},
	journal={Pattern Recognition},
	volume={65},
	pages={273--284},
	year={2017},
	publisher={Elsevier}
}

@article{cheng2017pest,
	title={Pest identification via deep residual learning in complex background},
	author={Cheng, Xi and Zhang, Youhua and Chen, Yiqiong and Wu, Yunzhi and Yue, Yi},
	journal={Computers and Electronics in Agriculture},
	volume={141},
	pages={351--356},
	year={2017},
	publisher={Elsevier}
}

@article{xia2018insect,
	title={Insect detection and classification based on an improved convolutional neural network},
	author={Xia, Denan and Chen, Peng and Wang, Bing and Zhang, Jun and Xie, Chengjun},
	journal={Sensors},
	volume={18},
	number={12},
	pages={4169},
	year={2018},
	publisher={Multidisciplinary Digital Publishing Institute}
}

@article{xie2018multi,
	title={Multi-level learning features for automatic classification of field crop pests},
	author={Xie, Chengjun and Wang, Rujing and Zhang, Jie and Chen, Peng and Dong, Wei and Li, Rui and Chen, Tianjiao and Chen, Hongbo},
	journal={Computers and Electronics in Agriculture},
	volume={152},
	pages={233--241},
	year={2018},
	publisher={Elsevier}
}

@article{waldchen2018machine,
	title={Machine learning for image based species identification},
	author={W{\"a}ldchen, Jana and M{\"a}der, Patrick},
	journal={Methods in Ecology and Evolution},
	volume={9},
	number={11},
	pages={2216--2225},
	year={2018},
	publisher={Wiley Online Library}
}

@article{santana2014reference,
	title={A reference process for automating bee species identification based on wing images and digital image processing},
	author={Santana, Fabiana S and Costa, Anna H Reali and Truzzi, Flavio S and Silva, Felipe L and Santos, Sheila L and Francoy, Tiago M and Saraiva, Antonio M},
	journal={Ecological informatics},
	volume={24},
	pages={248--260},
	year={2014},
	publisher={Elsevier}
}

@article{kaya2014evaluation,
	title={Evaluation of texture features for automatic detecting butterfly species using extreme learning machine},
	author={Kaya, Y{\i}lmaz and Kayci, Lokman and Tekin, Ramazan and Faruk Ertu{\u{g}}rul, {\"O}},
	journal={Journal of Experimental \& Theoretical Artificial Intelligence},
	volume={26},
	number={2},
	pages={267--281},
	year={2014},
	publisher={Taylor \& Francis}
}

@article{kaya2014application,
	title={Application of artificial neural network for automatic detection of butterfly species using color and texture features},
	author={Kaya, Y{\i}lmaz and Kayci, Lokman},
	journal={The visual computer},
	volume={30},
	number={1},
	pages={71--79},
	year={2014},
	publisher={Springer}
}

@article{wang2012new,
	title={A new automatic identification system of insect images at the order level},
	author={Wang, Jiangning and Lin, Congtian and Ji, Liqiang and Liang, Aiping},
	journal={Knowledge-Based Systems},
	volume={33},
	pages={102--110},
	year={2012},
	publisher={Elsevier}
}

@article{francoy2008identification,
	title={Identification of Africanized honey bees through wing morphometrics: two fast and efficient procedures},
	author={Francoy, Tiago Mauricio and Wittmann, Dieter and Drauschke, Martin and M{\"u}ller, Stefan and Steinhage, Volker and Bezerra-Laure, Marcela AF and De Jong, David and Gon{\c{c}}alves, Lionel Segui},
	journal={Apidologie},
	volume={39},
	number={5},
	pages={488--494},
	year={2008},
	publisher={EDP Sciences}
}

@article{pimentel1997economic,
	title={Economic and environmental benefits of biodiversity},
	author={Pimentel, David and Wilson, Christa and McCullum, Christine and Huang, Rachel and Dwen, Paulette and Flack, Jessica and Tran, Quynh and Saltman, Tamara and Cliff, Barbara},
	journal={BioScience},
	volume={47},
	number={11},
	pages={747--757},
	year={1997},
	publisher={JSTOR}
}

@article{goulson2015bee,
	title={Bee declines driven by combined stress from parasites, pesticides, and lack of flowers},
	author={Goulson, Dave and Nicholls, Elizabeth and Bot{\'\i}as, Cristina and Rotheray, Ellen L},
	journal={Science},
	volume={347},
	number={6229},
	pages={1255957},
	year={2015},
	publisher={American Association for the Advancement of Science}
}

@inproceedings{zhu2010auto,
	title={Auto-classification of insect images based on color histogram and GLCM},
	author={Zhu, Le-Qing and Zhang, Zhen},
	booktitle={2010 Seventh International Conference on Fuzzy Systems and Knowledge Discovery},
	volume={6},
	pages={2589--2593},
	year={2010},
	organization={IEEE}
}

@inproceedings{larios2010haar,
	title={Haar random forest features and SVM spatial matching kernel for stonefly species identification},
	author={Larios, Natalia and Soran, Bilge and Shapiro, Linda G and Mart{\'\i}nez-Mu{\~n}oz, Gonzalo and Lin, Junyuan and Dietterich, Thomas G},
	booktitle={2010 20th International Conference on Pattern Recognition},
	pages={2624--2627},
	year={2010},
	organization={IEEE}
}

@inproceedings{shiguo2009ontology,
	title={Ontology-based insect recognition},
	author={Shiguo, Huang and Mingquan, Zhou and Guohua, Geng and Xiuli, Wang},
	booktitle={2009 International Conference on Image Analysis and Signal Processing},
	pages={176--178},
	year={2009},
	organization={IEEE}
}

@inproceedings{drauschke2007reliable,
	title={Reliable Biometrical Analysis in Biodiversity Information Systems.},
	author={Drauschke, Martin and Steinhage, Volker and de la Vega, Artur Pogoda and M{\"u}ller, Stephan and Francoy, Tiago Mauricio and Wittmann, Dieter},
	booktitle={PRIS},
	pages={27--36},
	year={2007}
}

@incollection{steinhage1997hierarchical,
	title={A hierarchical approach to classify solitary bees based on image analysis},
	author={Steinhage, Volker and Kastenholz, B and Schr{\"o}der, Stefan and Drescher, W},
	booktitle={Mustererkennung 1997},
	pages={419--426},
	year={1997},
	publisher={Springer}
}

@misc{lawton1998daily,
	title={Daily, GC (Ed.). 1997. Nature's services. Societal dependence on natural ecosystems},
	author={Lawton, J},
	year={1998},
	publisher={Island Press, Washington, DC}
}
